@inproceedings{chen2012pipelined,
  title={Pipelined Back-Propagation for Context-Dependent Deep Neural Networks.},
  author={Chen, Xie and Eversole, Adam and Li, Gang and Yu, Dong and Seide, Frank},
  booktitle={INTERSPEECH},
  year={2012}
}

@inproceedings{zhang2014improving,
  title={Improving deep neural network acoustic models using generalized maxout networks},
  author={Zhang, Xiaohui and Trmal, Jan and Povey, Daniel and Khudanpur, Sanjeev},
  booktitle={Acoustics, Speech and Signal Processing (ICASSP), 2014 IEEE International Conference on},
  pages={215--219},
  year={2014},
  organization={IEEE}
}

@inproceedings{vesely2010parallel,
  title={Parallel training of neural networks for speech recognition},
  author={Vesel{\`y}, Karel and Burget, Luk{\'a}{\v{s}} and Gr{\'e}zl, Franti{\v{s}}ek},
  booktitle={Text, Speech and Dialogue},
  pages={439--446},
  year={2010},
  organization={Springer}
}

@article{povey2014parallel,
  title={Parallel training of Deep Neural Networks with Natural Gradient and Parameter Averaging},
  author={Povey, Daniel and Zhang, Xiaohui and Khudanpur, Sanjeev},
  journal={arXiv preprint arXiv:1410.7455},
  year={2014}
}

@inproceedings{seide2014parallelizability,
  title={On parallelizability of stochastic gradient descent for speech dnns},
  author={Seide, Frank and Fu, Hao and Droppo, Jasha and Li, Gang and Yu, Dong},
  booktitle={Acoustics, Speech and Signal Processing (ICASSP), 2014 IEEE International Conference on},
  pages={235--239},
  year={2014},
  organization={IEEE}
}

@inproceedings{seide20141,
  title={1-Bit Stochastic Gradient Descent and its Application to Data-Parallel Distributed Training of Speech DNNs},
  author={Seide, Frank and Fu, Hao and Droppo, Jasha and Li, Gang and Yu, Dong},
  booktitle={Fifteenth Annual Conference of the International Speech Communication Association},
  year={2014}
}

@inproceedings{dean2012large,
  title={Large scale distributed deep networks},
  author={Dean, Jeffrey and Corrado, Greg and Monga, Rajat and Chen, Kai and Devin, Matthieu and Mao, Mark and Senior, Andrew and Tucker, Paul and Yang, Ke and Le, Quoc V and others},
  booktitle={Advances in Neural Information Processing Systems},
  pages={1223--1231},
  year={2012}
}

@inproceedings{scanzio2010parallel,
  title={Parallel implementation of artificial neural network training},
  author={Scanzio, Stefano and Cumani, Sandro and Gemello, Roberto and Mana, Franco and Laface, Pietro},
  booktitle={Acoustics Speech and Signal Processing (ICASSP), 2010 IEEE International Conference on},
  pages={4902--4905},
  year={2010},
  organization={IEEE}
}

@inproceedings{zhang2013asynchronous,
  title={Asynchronous stochastic gradient descent for DNN training},
  author={Zhang, Shanshan and Zhang, Ce and You, Zhao and Zheng, Rong and Xu, Bo},
  booktitle={Acoustics, Speech and Signal Processing (ICASSP), 2013 IEEE International Conference on},
  pages={6660--6663},
  year={2013},
  organization={IEEE}
}

@inproceedings{zhao2013butterfly,
  title={Butterfly mixing: Accelerating incremental-update algorithms on clusters},
  author={Zhao, Huasha and Canny, John},
  booktitle={SIAM Conf. on Data Mining},
  year={2013},
  organization={SIAM}
}

@inproceedings{coates2013deep,
  title={Deep learning with COTS HPC systems},
  author={Coates, Adam and Huval, Brody and Wang, Tao and Wu, David and Catanzaro, Bryan and Andrew, Ng},
  booktitle={Proceedings of The 30th International Conference on Machine Learning},
  pages={1337--1345},
  year={2013}
}


